2040 2790
457 150 1315 193 D10201A.P01.r1tnnxxi.
1489 161 1558 208 631

100 210 194 249 Hab.
244 211 375 251 Cauiis
402 213 614 258 fruticosus‚
657 214 851 262 scandens,
882 218 1038 255 acin-hus
1057 247 1074 264 ,
1097 219 1266 263 inermis,
1300 232 1379 256 crus
1412 220 1537 257 crass‘us
1567 236 1574 257 z

93 281 97 284 -
145 262 266 298 ramis
292 264 413 313 longis
433 293 444 310 ,
462 263 696 314 geniculatis,
721 266 884 304 laevibus.
913 267 1019 304 Folia
1038 269 1385 315 ovato-lanceolata,
1419 269 1579 307 sub-acu-

148 315 282 349 minata
301 342 312 358 ,
348 316 578 363 integerrima
595 341 605 358 ‚
626 312 896 353 fusco-virentia
911 346 920 362 ,
949 320 1065 355 nitida
1084 347 1093 362 ,
1120 319 1284 369 oppofita
1303 347 1313 363 ‚
1338 320 1482 368 petiolis
1500 319 1575 356 bre-

149 363 261 399 vibus.
297 363 382 401 Flos
418 364 566 400 amentis
615 364 845 410 lateralibus„
884 366 971 403 semi
999 368 1188 413 edalibus,
1216 369 1319 405 nudis
1340 396 1350 412 ,
1386 370 1577 418 polynatis.

147 413 273 449 Bacca·
316 413 576 462 glandiformes
592 440 601 458 ‚
630 412 910 463 semipollicares
927 445 941 461 .‚
967 381 1190 454 glisco-luteae
1209 446 1218 462 ,
1247 418 1377 467 glabrae
1396 447 1406 463 ,
1443 419 1575 456 edules-

149 461 280 498 Caulis
314 462 423 500 valde
457 462 580 500 similis
609 462 812 501 Fibraureae
838 464 942 513 supra
973 466 1161 516 descriptae
1190 468 1331 504 Genese
1350 481 1423 515 24:
1453 468 1577 505 {imili-

146 522 200 548 ter
226 512 385 549 constans
418 525 460 550 ex
478 513 571 549 fibris
590 512 731 556 crassis,
758 515 929 562 lignolis,
965 517 1095 561 lentis,
1128 518 1165 553 in
1200 518 1355 554 circulos
1373 518 1577 556 concentri-

145 574 207 597 cos
240 561 430 611 dispositis.
457 563 572 599 Color
604 563 755 598 interior
788 564 1063 611 rubro-fuscus,
1095 570 1131 603 in
1157 567 1236 603 aliis
1267 566 1433 616 pallidus.
1461 569 1577 618 Sapor

145 611 206 647 vix
238 612 343 648 ullus.
385 611 492 649 Odor
522 611 648 648 nullus.

96 659 249 698 Habitat
279 663 314 698 in
350 661 460 711 sylvis
488 661 776 707 Cochinchinae5
804 662 840 699 &
878 665 913 700 in
942 664 1020 702 aliis
1048 665 1163 703 Indiae
1192 666 1294 703 locis.

95 709 263 747 Gnemon
291 709 517 749 funicularis.
547 711 708 759 Rumph.
742 713 849 749 Amb.
882 715 907 752 lv.
939 728 972 761 7.
1005 728 1082 764 cap.
1113 716 1145 752 8.
1181 716 1253 753 tab.
1283 715 1315 752 8.
1520 752 1524 753 ⁷

100 759 194 796 Virt.
212 775 219 796 :
250 761 380 799 radicis
397 791 408 808 ‚
431 763 469 800 &
495 760 675 799 inferioris
697 763 818 798 caulis.
847 763 1043 803 Resolvens
1060 793 1071 811 ‚
1089 766 1322 803 Deobstruens
1337 794 1347 810 ‚
1377 765 1576 812 Antifebri-

147 811 204 848 lis.
240 811 472 860 Apostemata
492 841 502 857 ‚
529 811 566 847 &
598 810 864 849 inflamationes
899 826 969 851 tam
1004 816 1182 860 internas,
1210 829 1316 865 quarn
1343 826 1502 852 externas
1522 829 1575 852 re-

147 859 275 897 solvit:
304 858 418 900 febres
446 862 720 899 intermittentes
750 862 932 900 diuturnas
962 865 1052 914 saepe
1086 867 1285 914 extinguit:
1320 865 1575 902 obstmstiones

147 910 320 947 viscerum
356 911 498 950 reserat.
543 910 636 946 Cum
669 912 824 959 primum
855 912 1004 952 sumitur
1028 917 1065 951 in
1095 915 1272 960 decocto,
1308 915 1366 952 vel
1396 916 1541 965 pulvere
1560 943 1572 960 ,

147 961 244 996 calor
269 962 305 996 in
332 962 532 999 ventriculo
566 959 714 996 sentitur
742 972 814 998 non
844 963 1020 1000 molestus.
1048 964 1160 1002 Nulla
1178 966 1413 1002 evacuatione
1435 964 1575 1001 sensibi-

146 1009 173 1045 li
204 1021 358 1048 notatur.
1220 1043 1223 1046 .

96 1057 248 1095 observ.
275 1061 384 1097 Varia
403 1073 533 1111 genera
559 1059 759 1108 plantarum
778 1061 865 1098 flore
887 1062 1271 1106 admodum-diversa,
1299 1063 1435 1107 caule,¹
1449 1061 1487 1098 &
1507 1065 1590 1111 vir-—

147 1120 221 1146 tute
249 1111 402 1147 Medica
428 1111 630 1160 propinqua
663 1110 706 1146 ab
723 1109 802 1147 aliis
826 1110 1093 1148 confunduntur
1109 1113 1255 1149 nomine
1284 1110 1577 1150 Parreiranra-

147 1171 223 1204 va,
269 1162 365 1208 quod
394 1161 514 1209 lingua
541 1160 705 1196 Lusitania
747 1162 862 1197 vitem
895 1160 1098 1210 sylvestrem
1144 1161 1255 1198 sonat.
1297 1162 1440 1198 Horum
1466 1174 1576 1198 unum

147 1208 192 1244 cst
237 1210 378 1247 Abutua
397 1238 406 1254 ,
435 1212 479 1246 de
514 1210 583 1259 quii
610 1211 818 1258 loquimur:
861 1210 1012 1247 alterum
1041 1211 1274 1260 Cissarnpelos
1300 1211 1441 1248 Linnaei
1464 1239 1481 1255 ‚a
1518 1211 1577 1248 vel

144 1258 218 1306 ejus
264 1259 370 1296 affine
406 1261 555 1304 Bottia,
597 1260 695 1308 quod
721 1272 824 1296 antea
854 1261 890 1297 in
922 1260 1024 1297 claffe
1068 1261 1281 1298 Pentandria
1316 1260 1575 1310 descripsimus.

146 1307 290 1344 Abutua
320 1311 440 1358 inepte
471 1309 604 1345 dicitur
633 1308 820 1345 Par-reim
839 1339 849 1355 ‚
878 1323 959 1346 cum
994 1310 1068 1359 ejus
1086 1310 1202 1355 folia,
1233 1311 1339 1347 flores
1370 1310 1407 1346 &
1428 1309 1577 1347 ,fructus

146 1358 277 1394 nullam
319 1359 474 1396 habeant
505 1371 587 1395 cum
617 1360 691 1394 vite
724 1359 1003 1396 similitudinem.
1048 1359 1101 1396 At
1130 1360 1366 1409 Cissampelos
1393 1360 1535 1398 Linnaei
1564 1387 1578 1405 ,

146 1405 182 1442 &
211 1410 346 1456 potiori
373 1410 454 1457 jure
482 1410 608 1446 Bottia
644 1406 757 1446 nostra
784 1410 908 1455 caule,
935 1408 1062 1446 cirrhis
1079 1437 1089 1454 ,
1125 1408 1223 1446 foliis
1244 1438 1254 1454 ‚
1271 1411 1372 1446 'flore
1392 1438 1401 1454 ‚
1428 1409 1545 1448 frustu
1565 1439 1574 1454 ,

147 1455 184 1489 ὅ(
213 1457 408 1505 praesertim
437 1471 587 1495 numero
619 1457 804 1495 staminum
835 1460 879 1495 ad
915 1460 1024 1496 vitem
1057 1459 1242 1496 accedunt.
1269 1460 1359 1497 Haec
1377 1488 1386 1504 ,
1414 1473 1520 1508 quam
1541 1461 1574 1495 in

148 1503 275 1543 Africa
301 1507 564 1545 observavimus
582 1536 591 1553 ‚
619 1509 765 1545 nomine
795 1507 983 1545 Parreira
1013 1507 1134 1545 brava
1168 1523 1186 1546 a
1214 1509 1389 1546 Lusitanis
1407 1509 1456 1546 ibi
1475 1522 1576 1546 com-

146 1556 370 1593 morantibus
397 1557 626 1606 agnoscitur:
657 1561 716 1596 illa
751 1571 835 1594 vero
854 1558 992 1595 Abutua
1026 1570 1098 1595 tam
1127 1559 1174 1594 ibi
1194 1572 1300 1608 quam
1335 1559 1424 1595 alibi
1450 1560 1492 1595 ab
1509 1559 1575 1595 eis-

150 1605 231 1641 dem
259 1607 471 1643 nominatur.
500 1607 620 1643 Abuta
638 1606 870 1652 Ruffescens,
897 1607 934 1642 ἃ
955 1607 1073 1644 Abuta
1090 1608 1226 1644 Amara
1243 1609 1390 1644 Aubleti
1413 1609 1572 1654 (Guiau.

148 1667 230 1703 pag.
261 1655 357 1700 618,
388 1658 470 1694 620.
499 1656 567 1693 tab.
589 1669 681 1705 250,
712 1658 829 1703 251.)
859 1658 1021 1703 quamvis
1054 1657 1226 1705 nomine,
1253 1657 1293 1693 δε
1321 1658 1425 1693 caule
1451 1660 1571 1705 proxi-

146 1717 215 1741 mae
231 1733 240 1749 ‚
268 1706 312 1741 ad
337 1705 434 1742 aliud
454 1719 563 1753 genus
581 1710 758 1754 pertinent
779 1734 787 1750 ,
816 1705 952 1741 distuzn
971 1705 1200 1743 F'rbmuteam
1218 1720 1228 1751 ⁴,
1255 1720 1277 1742 a
1292 1707 1399 1744 nobis
1429 1706 1568 1744 Genese

148 1767 195 1801 24
217 1754 361 1804 hujusce
388 1755 514 1793 Classis
544 1757 712 1794 Dioeeiae.
730 1754 958 1805 descriptum.

45 1854 67 1888 †
98 1853 161 1903 Sp.
189 1865 223 1890 2.
252 1854 473 1891 ABUTUA
499 1854 782 1892 AFRICANA.
809 1860 853 1893 Ὺ.
883 1880 891 1889 .
920 1881 929 1890 .
957 1881 966 1890 .

94 1903 222 1940 Differ.
253 1903 343 1953 spec.
372 1905 482 1940 Abut.
507 1903 624 1952 fhliis
652 1907 822 1943 ternatis:
851 1904 952 1940 caule
978 1903 1170 1941 scandente
1189 1933 1199 1949 ‚
1228 1906 1414 1944 fruticoso.

96 1952 189 1989 Hah.
207 1981 222 1999 7
242 1952 283 1989 a&
319 1966 424 1991 notae.
453 1954 583 1990 Cauhs
617 1954 806 1991 fruticosus
826 1982 836 1999 ‚
873 1953 1027 1998 crassus,
1053 1955 1231 2000 ramosus,
1259 1958 1408 1993 inermis
1433 1985 1444 2001 ,
1469 1955 1571 1993 scan-

54 2031 57 2034 «
111 2003 262 2047 Α..ἀτῃὴ
295 2003 474 2041 acitrhus:
502 2004 787 2041 constansfibris
815 2003 967 2053 lignolis.
993 2005 1209 2052 incirculos
1235 2008 1485 2053 concentrjcos
1515 2019 1572 2041 ‹ir-

148 2052 301 2096 climatis,
327 2054 457 2091 coloris
485 2055 722 2104 pallide—lutei
742 2081 751 2097 ,
778 2055 814 2090 in
838 2054 917 2090 aliis
946 2053 1163 2090 rufescentis.
1208 2055 1313 2092 Folia
1344 2069 1484 2104 3·nata‚
1513 2056 1571 2092 ba-

149 2099 171 2135 ii
219 2112 347 2146 ovata,
374 2104 474 2151 apice
499 2114 598 2141 acuta
618 2132 629 2150 ‚
661 2105 891 2152 integerrima
911 2131 921 2148 ‚
950 2103 1067 2151 glabra
1088 2131 1097 2147 ,
1124 2103 1373 2142 fusco—viridia
1394 2135 1403 2151 ‚
1431 2108 1543 2143 nitida
1559 2134 1568 2149 ,

147 2161 280 2199 parva,
311 2152 491 2199 petiolata.
527 2153 615 2190 Non
643 2153 791 2190 florebat
820 2166 862 2189 eo
888 2164 1074 2202 tempore,
1105 2166 1177 2202 quo
1205 2168 1282 2192 eam
1310 2157 1397 2193 vidi.

99 2199 245 2236 Habitat
272 2200 414 2248 agrestis
443 2202 479 2236 in
508 2202 569 2238 ora
595 2202 771 2240 Orientali
800 2201 947 2239 Africae.

100 2248 235 2286 Virtus.
263 2249 400 2287 Eadem
418 2278 429 2296 ,
459 2263 537 2299 quae
573 2253 816 2301 praecedentis.

826 2350 897 2387 Llll
925 2351 949 2387 ii
1452 2352 1486 2388 G
1499 2350 1549 2387 E·
