2040 2790
504 115 621 163 -466
704 115 1279 153 PQLYADern-tA.
1327 112 1788 149 IcosANnaxa.

525 227 588 275 Sp.
608 239 637 261 2.
665 223 859 261 CITRUS
885 221 1231 259 AURANTIUM.
1261 239 1282 257 α,
1311 223 1370 260 Caly
1395 222 1473 252 Cam.
1514 232 1531 262 ss
1560 224 1619 253 Can
1642 224 1690 253 Χύ-

525 274 650 310 Differ.
680 273 771 320 spec.
806 271 879 308 Cit.
901 272 1056 319 petiolis
1082 272 1183 308 alatis
1206 269 1346 320 :foliis
1374 274 1595 309 acuminatis.
1624 273 1706 308 Lin.
1727 272 1776 321 sp.
1799 285 1830 308 z.

522 323 619 358 Hab.
639 349 649 365 ,
676 320 714 356 δε
749 320 1004 367 notaewArbqr
1037 321 1230 363 mediocris
1248 348 1257 364 ,
1283 321 1437 361 aculeata
1455 351 1464 367 ‚
1495 325 1628 358 cortice
1655 321 1880 359 viridi-fusco
1896 350 1907 367 ‚
1932 336 1985 359 ra-

572 372 640 407 mis
670 370 880 418 patentibus.
907 371 1012 407 Folia
1044 370 1334 407 lato-lanceolata
1353 397 1362 414 ,
1395 370 1724 420 sub-integerrima,
1753 371 1872 418 glabra
1892 400 1900 415 ‚
1931 373 1981 409 al-

518 435 521 437 ·
571 431 669 456 terna
688 447 698 463 ‚
720 420 876 468 petiolis
904 421 1115 470 plerumque
1144 420 1256 456 alatis.
1282 418 1366 455 Flos
1394 420 1492 457 albus
1513 449 1522 465 ‚
1553 421 1728 470 5-petalus
1751 448 1760 463 ,
1787 420 1982 458 odoratus:

564 468 783 518 pedunculis
812 469 1054 507 terminalibus
1075 497 1084 514 ‚
1118 469 1318 517 polystoris.
1347 468 1514 505 Stamina
1544 483 1590 507 20
1608 498 1618 514 ‚
1653 480 1805 508 connata
1823 471 1866 505 ¹in
1887 472 1985 507 varia

571 531 723 567 corpora
757 520 882 556 tubum
916 518 1119 555 formantia.
1162 518 1280 553 Bacca
1307 517 1532 566 sub-globosa
1553 548 1562 563 ,
1599 520 1700 566 apice
1736 519 1954 567 planiuscula
1975 548 1987 565 ,

569 568 701 604 coloris
729 570 824 604 aurei
843 597 853 613 ‚
882 569 995 604 nitida
1017 596 1025 612 ‚
1061 568 1238 611 odorata,
1284 568 1502 615 3-pollicaris
1523 596 1532 613 ,
1565 567 1850 614 sub-9-locularis
1870 596 1880 612 ‚
1907 569 1987 616 pul-

569 617 614 666 pa
645 617 824 654 vesiculari
855 647 864 662 ,
901 616 1121 666 acido-dulci
1151 630 1157 651 :
1201 617 1335 652 cortice
1365 616 1512 653 carnoso
1541 645 1552 662 ,
1587 617 1787 661 mediocri,
1816 617 1986 666 pellicula

571 667 745 703 exteriore
771 667 898 715 gustus.
918 666 1149 711 sub-ardentis
1168 693 1177 710 ‚
1207 665 1446 701 amaricantis.
1469 666 1562 703 'Haec
1587 666 1779 714 descriptio
1809 667 1986 714 imprimis

568 718 741 756 convenit
766 717 944 753 Aurantio
974 715 1214 763 vulgatissimo
1244 719 1278 751 in
1309 724 1460 764 quatuor
1488 715 1563 752 obis
1590 714 1745 765 partibus
1775 742 1785 758 ‚
1825 716 1924 763 quod
1950 716 1988 751 in

567 762 716 815 Europa
748 767 821 801 dici
850 765 939 801 solet
966 765 1169 801 Lusitanum
1192 791 1201 808 ‚
1237 774 1295 800 aut
1324 763 1498 809 Sinense3
1534 767 1616 814 quia
1651 777 1670 798 a
1699 764 1792 799 Sinis
1826 776 1889 812 per
1916 765 1989 799 Lu-

569 813 699 852 fitanos
727 815 907 851 traslatum
936 827 999 862 pei·
1026 823 1139 850 totam
1167 813 1351 862 Europam
1386 825 1622 862 propagatum
1655 812 1763 848 hodie
1786 812 1960 850 videmus.

519 863 670 900 Habitat
699 864 793 900 culta
813 892 821 908 ‚
854 865 1058 911 incultaque
1084 864 1122 899 in
1145 862 1398 899 Cochinchina
1417 890 1426 907 ,
1462 862 1498 898 ὃς
1530 862 1661 899 (Σὴὶηὲι.

518 913 693 949 Aurantia
725 913 840 957 Mala,
868 911 1005 957 Matth.
1036 913 1073 948 in
1096 912 1220 948 Diosc.
1240 912 1263 948 l.
1289 924 1317 948 1.
1337 925 1367 947 c.
1393 924 1472 960 131.
1493 925 1574 961 pag.
1595 913 1678 949 206.
1698 912 1756 959 fig.
1777 923 1811 958 7.

518 960 735 1006 Aurantium
762 961 919 998 Sinense.
946 960 1124 1004 Tournef.
1146 960 1226 996 Inst.
1248 973 1328 1009 pag.
1349 961 1430 998 620.
1451 975 1484 997 n.
1510 973 1563 1008 15.
1584 962 1654 998 tab.
1678 974 1762 1009 393.

519 1009 671 1047 Virtus:
701 1012 831 1060 pulpae.
858 1010 1090 1058 Refrigerans
1109 1039 1118 1055 ‚
1152 1009 1452 1047 Antiscorbutica.
1481 1011 1637 1047 Corticis
1674 1011 1759 1046 flavi
1788 1010 1985 1047 exterioris.

498 1059 500 1061 ¹
562 1059 793 1097 calefaciens
814 1090 822 1105 ,
849 1060 992 1096 Tonica
1008 1088 1018 1105 ,
1045 1059 1270 1096 Stomachica
1286 1088 1295 1104 ,
1325 1060 1458 1095 Pellens
1480 1073 1540 1108 per
1563 1060 1724 1095 sudorem
1742 1086 1751 1102 ,
1780 1058 1817 1094 &
1835 1061 1986 1096 urinam.

568 1109 744 1144 Petuitarn
764 1137 774 1152 ,
801 1111 838 1144 δε
865 1110 977 1144 tuffim
1008 1110 1141 1150 domat.
1170 1109 1358 1144 Vomitum
1377 1136 1386 1151 ,
1421 1109 1578 1143 nauseam
1600 1135 1609 1152 ,
1644 1107 1680 1142 &
1716 1108 1909 1144 anxietates
1927 1121 1988 1145 co-

568 1156 676 1193 hibet.
703 1157 932 1193 Pharmacum
960 1156 1006 1192 est
1033 1157 1127 1206 apud
1155 1157 1255 1193 Sinas
1274 1157 1554 1192 usitatissimum:
1583 1167 1705 1193 cortex
1724 1156 1859 1194 scilicet
1875 1185 1886 1202 ‚
1915 1171 1988 1194 non

566 1205 723 1243 medulla
751 1205 886 1242 fructus
911 1234 921 1250 ,
959 1219 1038 1255 quae
1065 1219 1137 1242 non
1167 1207 1385 1255 permittitur
1417 1207 1566 1242 infirmis
1596 1218 1616 1241 a
1643 1206 1803 1243 Medicis
1834 1206 1987 1243 Sinensi-

567 1255 633 1292 bus
652 1283 664 1301 ,
693 1257 855 1305 quamvis
872 1266 956 1292 .tam
987 1254 1096 1292 facile
1119 1257 1155 1291 in
1184 1255 1331 1303 Europa
1358 1255 1587 1291 concedatur.

468 1350 491 1399 j}
517 1354 579 1404 Sp.
617 1367 648 1403 3,
685 1354 879 1391 CITRUS
906 1353 1123 1390 Nomms,
1155 1370 1176 1387 α
1206 1353 1274 1382 cam
1302 1354 1386 1382 sani..
1410 1362 1427 1390 ,ᾳ
1448 1338 1542 1383 Τξέηι
1568 1356 1630 1382 can.

517 1403 646 1440 Differ.
677 1404 770 1450 spec.
799 1404 890 1440 Citr.
922 1403 1099 1447 inermis,
1131 1402 1249 1437 ramis
1266 1401 1553 1439 ascendentibus:
1575 1401 1734 1450 petiolis
1756 1401 1985 1451 st1·i5tisfru-

568 1453 627 1489 &a
661 1451 909 1490 tuberculosoz
947 1451 1229 1500 subrcompreffo.

516 1502 635 1548 Hah„
679 1501 715 1538 δε
746 1514 851 1539 notae.
879 1500 1003 1538 Arbor
1031 1502 1221 1537 mediocris
1238 1529 1248 1543 ‚
1288 1497 1405 1536 ran'zis
1433 1500 1714 1547 qsbendentilszes
1734 1529 1743 1544 ‚
1779 1501 1983 1539 inermibus.

565 1552 670 1589 Folia
685 1552 879 1588 lanceolata
897 1580 907 1595 ,
934 1551 1160 1598 integerrima
1178 1577 1187 1593 ,
1220 1548 1332 1597 sparsa
1353 1579 1361 1593 ,
1386 1550 1497 1586 nitida
1517 1578 1526 1594 ,
1545 1549 1843 1587 obscuro-viridia
1863 1578 1873 1594 ,
1906 1564 1985 1599 gra-

566 1602 610 1637 ve
628 1601 780 1637 olentia:
807 1601 960 1648 petiolis
978 1599 1176 1636 linearibus.
1211 1599 1294 1635 Iflos
1312 1598 1406 1634 albus
1423 1627 1432 1643 ‚
1461 1599 1659 1647 5-petahJS‚
1694 1599 1863 1635 odoratus
1884 1628 1893 1644 ‚
1923 1614 1984 1649 pe-

566 1649 726 1686 dunculis
762 1650 972 1699 polyfloxis,
1001 1648 1254 1685 terminalibus.
1287 1649 1406 1685 Bacca
1438 1648 1829 1696 compresso-rotunda,
1866 1649 1984 1697 sub-9-

564 1699 731 1737 locularis
750 1728 761 1745 ‚
803 1701 895 1736 intus
913 1727 922 1744 ,
950 1699 987 1734 δί
1019 1697 1105 1734 foris
1141 1698 1269 1733 rubra:
1309 1698 1442 1733 cortice
1476 1696 1585 1732 crasso
1606 1724 1615 1739 ‚
1644 1696 1787 1732 succoso
1807 1724 1816 1741 ,
1844 1697 1940 1734 dulci
1970 1726 1981 1743 ,

567 1750 684 1793 edun,
712 1746 1126 1796 tuberculoso-inaequali.
1155 1746 1287 1782 Sinensi
1320 1746 1459 1794 vulgari
1484 1746 1595 1794 duplo
1612 1747 1725 1781 maior
1751 1746 1819 1791 est,
1850 1747 1984 1783 diame-

566 1808 622 1835 tro
651 1810 672 1846 5
703 1800 850 1848 pollices
879 1807 1050 1846 aequante.
1076 1795 1135 1831 Est
1167 1795 1349 1831 Citrorum
1373 1796 1533 1830 omnium
1565 1795 1767 1842 gratiffima.

515 1847 664 1885 Habitat
701 1848 916 1883 abundanter
946 1846 981 1880 in
1017 1843 1293 1881 Cochinchinfi:
1321 1845 1426 1881 etiam
1453 1846 1490 1880 in
1523 1843 1642 1880 China
1661 1872 1672 1889 ‚
1701 1846 1864 1893 quamvis
1890 1846 1986 1882 Can·
2028 1857 2030 1861 ’

490 1936 493 1938 ,
567 1908 650 1932 tone
681 1898 777 1932 illam
802 1909 872 1937 non
905 1894 1069 1930 viderim.

490 1984 499 1987 ,
517 1946 640 1984 Malus
676 1945 824 1981 Arantia
854 1945 986 1980 cortice
1016 1944 1110 1979 dulci
1131 1970 1140 1987 ‚
1170 1943 1279 1979 eduli.
1313 1943 1423 1980 Bauh.
1452 1944 1525 1979 Pin.
1556 1955 1637 1992 pag.
1671 1943 1754 1990 436.
1783 1957 1818 1980 n.
1853 1957 1883 1990 3.
1903 1944 1983 1980 Au-

567 1996 720 2031 rantium
736 2022 745 2039 ,
776 2007 853 2043 quae
882 1994 992 2029 malus
1011 1992 1189 2028 Aurancia
1208 1994 1304 2041 regia
1323 2020 1334 2037 ,
1363 1992 1475 2028 dulcis
1493 2006 1500 2027 ε
1530 1993 1662 2028 cortice
1687 1991 1782 2029 suavi
1801 2021 1810 2036 ‚
1844 1992 1881 2028 &
1902 1993 1982 2029 dul-

567 2045 611 2080 ci.
650 2044 768 2080 Burm.
800 2043 903 2091 Zeyl.
950 2054 1031 2091 pag.
1065 2054 1119 2090 39.
1147 2042 1357 2078 Aut-antium
1398 2040 1650 2078 verrucosum:
1683 2041 1808 2078 Manis
1851 2040 1982 2078 besaar.

566 2093 727 2141 Rumph.
761 2092 867 2128 Amb.
902 2092 924 2129 l.
961 2105 992 2128 2.
1030 2104 1060 2127 c.
1089 2104 1148 2139 43.
1181 2091 1324 2128 Tabula
1342 2104 1428 2128 vero
1458 2102 1500 2138 35
1530 2093 1643 2127 minus
1674 2090 1886 2131 cumnostra
1905 2090 1983 2126 des-

567 2144 741 2191 criptione
769 2142 945 2186 cohaeret,
983 2154 1088 2190 quam
1119 2141 1236 2177 tabula
1271 2153 1337 2188 34:
1367 2153 1429 2177 nec
1459 2141 1518 2176 ista
1537 2169 1547 2185 ,
1572 2150 1632 2176 aut
1659 2140 1836 2189 Rumphii
1870 2152 1981 2188 expo-

567 2191 647 2228 sitio
681 2193 716 2227 in
744 2203 858 2228 toturn
885 2192 1080 2235 convenit,
1122 2190 1282 2234 forense,
1312 2190 1394 2239 quia
1422 2190 1579 2240 plantam
1602 2203 1673 2228 non
1705 2190 1871 2234 viderit„
1898 2201 1980 2225 cum
2020 2195 2024 2198 ’

568 2241 719 2291 ipsemet
746 2240 896 2279 fateatur
925 2240 972 2277 ibi
1003 2253 1076 2277 non
1102 2240 1170 2277 effe
1203 2241 1398 2289 vulgarem.

1839 2287 1902 2340 Sp.
1920 2297 1956 2333 4.
