2040 2790
403 209 472 257 568
644 206 1565 246 Monosch.P01,rAunnxa.

376 270 470 308 Hab.
492 300 502 317 ,
540 271 577 307 &
608 281 713 306 notae.
742 268 872 304 Palma
906 281 981 314 40,
1032 279 1090 304 aut
1124 281 1170 315 50
1204 269 1310 317 pedes
1337 269 1429 314 alta,
1457 267 1671 317 semipedem
1702 268 1740 304 in
1768 269 1843 305 dia-

425 332 540 357 metro
569 318 695 355 crassa:
724 319 824 353 caule
842 317 1030 354 rectissimo
1048 345 1058 361 ‚
1088 319 1188 355 tereti
1209 345 1217 363 ‚
1245 319 1371 366 glabro
1390 346 1399 363 ‚
1426 319 1566 355 cinereo
1585 345 1595 362 ‚
1629 317 1765 353 annulis
1782 329 1843 367 pa-

425 369 555 404 rallelis
593 366 769 403 distincio.
800 366 957 404 Frondes
982 379 1101 414 paucae
1120 394 1130 411 ‚
1163 369 1315 404 inermes
1334 396 1343 412 ‚
1375 368 1575 411 reclinatae,
1604 368 1624 402 6
1641 367 1746 415 pedes
1764 366 1844 403 lon-

422 428 478 463 gae
497 444 507 460 ,
540 418 714 466 pinnatae:
733 415 886 464 foliolis
917 416 1094 465 3-plicatis
1114 444 1123 460 ,
1150 417 1250 466 apice
1279 417 1472 466 praemorfis
1493 445 1502 461 ,
1538 416 1681 465 3pedes
1698 416 1841 464 longis,

422 465 596 514 oppositis
615 493 625 510 ,
669 465 741 501 basi
766 465 1035 515 approximatis.
1065 466 1148 503 Flos
1175 466 1270 502 albus
1289 494 1299 511 ‚
1328 466 1534 503 suaveolens
1552 494 1562 511 ,
1591 464 1804 501 minusculus
1830 481 1839 502 :

410 514 636 563 spadicibus
668 515 874 552 axillaribus
895 543 905 560 ,
939 513 1081 563 spicatis
1097 543 1106 559 ‚
1134 516 1312 552 reclina-tis
1333 530 1339 551 :
1358 516 1485 564 spicis
1511 514 1697 553 linearibus
1717 513 1843 551 floscu-

419 564 464 601 lis
499 563 674 601 Masculis
694 591 704 608 ,
744 564 780 600 ὃ(
809 564 1003 601 Foemineis
1054 564 1201 601 confuse
1228 566 1360 602 mixtis.
1389 565 1530 614 Spatha
1556 564 1728 613 fimpleX,
1763 563 1843 600 sub-

419 623 546 658 acuta,
579 613 679 657 alba,
707 614 865 650 coriacea
885 640 895 658 ,
930 615 1045 651 tenuis
1064 643 1073 659 ,
1101 614 1215 650 striata
1234 642 1243 659 ‚
1275 615 1449 660 decidua,
1479 613 1620 651 defensa
1655 613 1840 649 involucro

419 664 569 711 amplo,
605 676 647 699 ex
681 662 747 699 bafi
775 662 914 699 frondis
942 662 1088 700 dilatata
1122 662 1301 711 spadicem
1319 691 1330 708 ,
1355 663 1392 699 &
1428 663 1589 713 spatham
1620 664 1841 701 involvente.

416 711 587 758 Masculi
618 712 717 748 floris
736 713 844 762 calyx
866 711 1046 761 3-phyllus
1061 726 1068 746 τ
1085 712 1256 748 Foeminei
1276 712 1458 761 6-phyllus
1472 740 1481 756 ,
1508 712 1709 748 imbricatus
1726 739 1735 755 ‚
1757 713 1842 749 inae-

416 761 543 811 qualis.
583 761 725 799 Corolla
751 761 931 810 utriusque
965 762 1141 809 3-petala,
1185 772 1284 796 acuta
1305 790 1314 805 ,
1354 773 1483 804 curva,
1513 759 1642 797 ereff'ta.
1671 760 1842 796 Stamina

415 823 462 860 9,
490 811 622 848 brevia.
649 810 837 856 Pistillum
870 821 883 845 1
907 837 918 854 ‚
944 809 1120 859 superum.
1146 809 1280 858 Drupa
1305 821 1434 855 ovata,
1467 810 1588 853 laevis,
1624 821 1734 859 parvo
1768 821 1842 848 ovo

415 861 616 908 gallinaceo
648 862 710 897 vix
740 859 914 908 aequalis:
947 860 1081 896 cortice
1100 858 1225 896 fibroso
1244 887 1255 904 ‚
1282 859 1417 895 craffo:
1449 860 1628 909 putamine
1655 858 1749 895 oss'eo
1765 860 1842 896 nul-

413 911 476 947 lo:
505 910 628 946 nucleo
653 908 866 945 cordiformi
887 937 898 953 ‚
925 909 1101 945 interdum
1137 908 1375 945 sub-rotundo
1394 937 1404 954 ‚
1440 910 1498 946 vel
1526 920 1659 952 ovato,
1696 906 1837 955 solido,

414 958 608 996 substantiae
633 960 670 995 in
700 960 905 995 maturitate
934 970 1097 1003 corneae,
1126 958 1328 996 rubescente
1348 987 1358 1003 ,
1388 960 1486 995 venis
1515 956 1755 994 albicantibus.

363 1007 511 1045 Habitat
541 1008 724 1045 vastissime
751 1009 844 1044 culta
877 1009 912 1044 in
941 1008 1107 1043 omnibus
1137 1007 1278 1055 praediis
1311 1007 1572 1044 Cochinchinae
1590 1035 1601 1051 ,
1629 1017 1700 1043 tam
1735 1007 1841 1043 mari-

413 1058 510 1094 timis
528 1085 539 1102 ,
567 1069 673 1107 quam
694 1058 873 1093 montanis
896 1070 903 1092 ;
933 1057 1016 1093 raro
1048 1057 1084 1092 in
1114 1056 1232 1093 China
1259 1057 1410 1094 Australi
1444 1071 1452 1092 ε
1495 1069 1675 1104 nunquam
1707 1057 1743 1091 in
1770 1057 1840 1092 Bo-

413 1107 515 1143 reali.

363 1154 502 1192 Faufel.
548 1155 655 1191 Garc.
685 1154 815 1191 Arom.
844 1155 869 1191 l.
904 1168 933 1191 1.
964 1168 995 1192 c.
1024 1167 1082 1203 25.
1111 1155 1196 1191 Nux
1224 1154 1348 1191 Faufel
1370 1184 1380 1200 ‚
1424 1155 1482 1191 seu
1511 1155 1657 1203 Pinang.
1679 1165 1707 1199 ,⁴
1733 1154 1839 1192 Bont.

409 1204 489 1248 Jav.
518 1204 542 1240 l.
570 1204 602 1239 6.
626 1216 656 1239 c.
691 1216 725 1239 2.
750 1202 776 1238 f.
813 1216 894 1252 pag.
917 1216 975 1251 90.
999 1205 1155 1253 Pinanga
1174 1203 1304 1240 Areca.
1333 1204 1494 1254 Rumph.
1513 1204 1620 1240 Amb.
1640 1206 1664 1241 l.
1704 1215 1732 1239 1.
1754 1216 1782 1240 c.
1805 1215 1839 1251 5.

412 1252 481 1289 tab.
518 1264 568 1299 4:
598 1251 655 1288 ubi
684 1252 822 1301 optima
846 1252 979 1289 arboris
1011 1254 1091 1290 icon
1115 1268 1122 1289 :
1164 1253 1358 1302 descriptio
1385 1267 1470 1292 vero
1498 1281 1511 1299 ,
1544 1265 1745 1303 quanquam
1780 1266 1841 1290 ve-

415 1302 527 1338 ridica
545 1329 557 1346 ,
585 1301 737 1337 nimium
767 1300 890 1338 diffusa
910 1329 920 1346 ,
948 1314 988 1338 ac
1017 1303 1176 1339 taediosa,

363 1350 471 1388 Usus.
498 1350 555 1387 Ex
582 1349 702 1386 frustu
734 1362 862 1387 tenero
891 1351 933 1387 ab
964 1352 1098 1388 extima
1127 1351 1294 1400 pellicula
1323 1352 1463 1397 libero,
1488 1351 1545 1389 vel
1572 1352 1595 1388 fi
1616 1364 1733 1387 recens
1763 1363 1835 1387 non

412 1400 581 1436 habeatur
600 1427 612 1444 .,
640 1413 682 1435 ex
711 1400 837 1436 nucleo
870 1411 1009 1437 maturo
1036 1429 1047 1446 ,
1084 1399 1121 1436 δὲ
1152 1400 1243 1437 liceo
1263 1429 1272 1445 ,
1301 1401 1402 1438 fimul
1435 1415 1515 1438 cum
1548 1400 1641 1436 folio
1668 1401 1836 1435 aromati-

413 1462 457 1485 co
499 1449 632 1497 Piperis
660 1448 780 1485 Betele
799 1476 810 1493 ‚
837 1449 962 1486 addito
1004 1450 1162 1499 pauxillo
1190 1451 1296 1494 calcis
1326 1463 1367 1485 ex
1395 1450 1515 1487 ostreis
1535 1477 1545 1494 ,
1573 1450 1611 1484 fit
1643 1449 1840 1485 masticato-

412 1499 504 1535 rium
523 1526 533 1542 ‚
561 1496 700 1534 affueris
731 1498 961 1546 gratissimum
981 1527 992 1544 ‚
1030 1501 1128 1548 quod
1156 1511 1280 1536 omnes
1310 1499 1453 1535 Indiani
1485 1498 1657 1535 continuo
1690 1498 1841 1535 volvunt

411 1550 450 1585 in
481 1560 543 1583 ore
563 1574 573 1591 ,
600 1558 639 1583 ut
666 1548 778 1583 malus
807 1546 983 1584 anhelitus
1001 1550 1199 1597 corrigatur
1215 1576 1224 1591 ‚
1252 1548 1448 1597 dentesque
1468 1576 1477 1593 ,
1507 1562 1547 1584 ac
1565 1547 1762 1584 stomachus
1783 1560 1840 1583 ro-

412 1597 593 1632 borentur.
622 1595 831 1632 Eorundem
863 1597 1072 1633 nucleorum
1098 1596 1251 1633 decocto
1280 1597 1394 1634 solent
1422 1596 1613 1634 infestores
1631 1625 1642 1642 ‚
1670 1596 1707 1634 δε
1727 1595 1836 1633 fullo-

411 1658 474 1681 nes
507 1646 595 1681 telas
622 1642 848 1693 quascunque
875 1644 1032 1682 imbuere
1059 1674 1074 1691 ,
1107 1657 1146 1683 ut
1167 1646 1305 1683 colores
1338 1647 1471 1684 diutius
1499 1646 1638 1683 servent
1655 1675 1667 1692 ,
1694 1645 1732 1682 &
1766 1658 1841 1682 me-

411 1695 480 1732 lius
509 1694 722 1742 exprimant.
768 1694 811 1729 In
839 1707 946 1744 quem
976 1696 1073 1732 usum
1107 1697 1300 1745 quotannis
1331 1696 1471 1746 aliquot
1507 1709 1613 1733 naves
1646 1696 1842 1732 Arecarios

414 1743 557 1780 nucleos
586 1741 750 1780 deferunt
784 1756 826 1779 ex
855 1743 1108 1782 Cochinchina
1136 1745 1182 1781 ad
1208 1744 1363 1782 Chinam
1383 1773 1399 1789 „
1420 1745 1458 1781 &
1489 1745 1641 1783 indiam.

364 1793 514 1830 Virtus:
543 1792 763 1828 nucleorum.
806 1793 971 1830 Incidens
998 1821 1008 1838 ‚
1047 1794 1256 1831 Lubricans.
1297 1793 1437 1831 Prodest
1467 1796 1502 1831 in
1535 1794 1666 1844 pituita
1693 1794 1836 1830 tenaciz

414 1841 497 1879 alvo
527 1841 696 1878 difficili:
725 1842 902 1879 vermibus
928 1842 1187 1879 intestinorum.
1216 1842 1374 1881 Corticis
1407 1844 1518 1881 fibnofi
1554 1842 1742 1881 decostum
1770 1842 1837 1878 Di-

413 1891 538 1928 urcfim
566 1903 767 1940 promovet.
795 1892 852 1929 Ex
880 1892 934 1929 his
964 1891 1089 1941 colligi
1126 1892 1240 1941 potest
1269 1903 1398 1931 terram
1427 1894 1668 1943 Japonicam,
1694 1890 1752 1928 seu
1767 1891 1839 1927 Ca-

412 1940 521 1977 techa
548 1953 619 1976 non
654 1942 728 1977 fieri
753 1954 796 1978 ex
824 1941 945 1978 Areca
960 1969 971 1986 ,
997 1953 1036 1978 ut
1065 1941 1156 1978 olim
1180 1942 1375 1991 putabatur.
1403 1943 1453 1980 Et
1482 1942 1643 1990 quamvis
1672 1940 1748 1978 haec
1774 1953 1837 1977 co-

411 1991 505 2027 lores
537 1991 573 2025 in
605 1990 683 2026 telis
703 1991 851 2026 retineat
870 2019 880 2036 ,
909 1990 978 2027 hoc
1008 1990 1155 2040 quidem
1189 1992 1327 2038 perficit
1357 1991 1392 2028 vi
1411 1992 1638 2040 glutinante,
1668 2002 1740 2027 non
1774 1990 1838 2025 ad-
1863 2016 1866 2017 ν

411 2039 616 2087 stringente.
654 2038 803 2075 Nomen
831 2039 946 2077 Areca
974 2038 1133 2076 Catechu
1161 2052 1233 2078 non
1260 2039 1371 2076 solum
1409 2040 1456 2076 est
1482 2040 1753 2090 improprium,
1775 2037 1838 2076 sed

413 2100 618 2126 erroneum.
643 2087 706 2128 Per
732 2101 789 2124 me
819 2088 984 2126 libentius
1014 2089 1189 2125 diceretur
1218 2088 1337 2125 Areca
1362 2087 1566 2127 Hortenfis.

317 2186 339 2228 τ
368 2186 430 2234 sp.
450 2198 482 2221 2.
509 2185 689 2222 ARECA.
714 2176 1037 2225 SYLVEsTms,
1067 2204 1089 2222 a
1117 2188 1177 2218 cau
1203 2188 1285 2228 aa&

365 2234 492 2272 Differ.
525 2233 621 2284 spec.
643 2235 708 2272 Ar.
738 2234 908 2274 foliormn
926 2235 1128 2284 stipitibus
1148 2238 1301 2286 trigonis
1319 2266 1330 2284 ‚
1355 2237 1553 2275 inermibus
1573 2252 1581 2274 ε
1598 2236 1751 2286 foliolis
1769 2237 1832 2274 tri-

417 2284 582 2332 plicatis:
607 2284 771 2333 spadycis
799 2284 935 2334 fingulo
949 2286 1045 2335 flore
1075 2285 1255 2324 foemineo·
1281 2289 1373 2325 inter
1400 2287 1488 2325 duos
1517 2285 1700 2325 masculos.

364 2330 458 2370 Hah.
477 2361 490 2380 2
516 2332 553 2369 δε
582 2344 688 2372 notae.
713 2332 843 2371 Palma
867 2348 909 2374 10
937 2336 1042 2385 pedes
1061 2336 1130 2377 alta
1145 2363 1158 2383 ,
1185 2336 1479 2387 sesquipoliicem.
1493 2337 1529 2374 in
1546 2337 1722 2382 diametro
1739 2332 1831 2422 egias-

1792 2411 1807 2433 ³,
